<collection xmlns="http://www.loc.gov/MARC21/slim">
   <record>
      <leader>03719cam a2200469 i 4500</leader>
      <controlfield tag="001">6503227</controlfield>
      <controlfield tag="003">OCoLC</controlfield>
      <controlfield tag="005">20140305123611.0</controlfield>
      <controlfield tag="008">130924s2015    mau      b    001 0 eng  </controlfield>
      <datafield ind1=" " ind2=" " tag="010">
         <subfield code="a">  2013038802</subfield>
      </datafield>
      <datafield ind1="7" ind2=" " tag="016">
         <subfield code="a">101617756</subfield>
         <subfield code="2">DNLM</subfield>
      </datafield>
      <datafield ind1=" " ind2=" " tag="020">
         <subfield code="a">9781284036671</subfield>
      </datafield>
      <datafield ind1=" " ind2=" " tag="020">
         <subfield code="a">9781449694302 (pbk. : alk. paper)</subfield>
      </datafield>
      <datafield ind1=" " ind2=" " tag="020">
         <subfield code="a">1449694306 (pbk. : alk. paper)</subfield>
      </datafield>
      <datafield ind1=" " ind2=" " tag="035">
         <subfield code="a">ocn858959875</subfield>
      </datafield>
      <datafield ind1=" " ind2=" " tag="040">
         <subfield code="a">DNLM/DLC</subfield>
         <subfield code="b">eng</subfield>
         <subfield code="e">rda</subfield>
         <subfield code="c">DLC</subfield>
         <subfield code="d">NLM</subfield>
         <subfield code="d">AFMK</subfield>
      </datafield>
      <datafield ind1=" " ind2=" " tag="042">
         <subfield code="a">pcc</subfield>
      </datafield>
      <datafield ind1="0" ind2="0" tag="050">
         <subfield code="a">QP141</subfield>
      </datafield>
      <datafield ind1="1" ind2="0" tag="060">
         <subfield code="a">QU 145</subfield>
      </datafield>
      <datafield ind1="0" ind2="0" tag="082">
         <subfield code="a">612.3/9</subfield>
         <subfield code="2">23</subfield>
      </datafield>
      <datafield ind1=" " ind2=" " tag="090">
         <subfield code="a">QP 141 L55 2015</subfield>
         <subfield code="b">AEU</subfield>
      </datafield>
      <datafield ind1=" " ind2=" " tag="090">
         <subfield code="a">QP 141 L54 2015</subfield>
         <subfield code="b">AFMK</subfield>
      </datafield>
      <datafield ind1="0" ind2="0" tag="245">
         <subfield code="a">Life cycle nutrition :</subfield>
         <subfield code="b">an evidence-based approach /</subfield>
         <subfield code="c">[edited] by Sari Edelstein.</subfield>
      </datafield>
      <datafield ind1=" " ind2=" " tag="250">
         <subfield code="a">Second edition.</subfield>
      </datafield>
      <datafield ind1=" " ind2="1" tag="264">
         <subfield code="a">Burlington, Massachusetts :</subfield>
         <subfield code="b">Jones &amp; Bartlett Learning,</subfield>
         <subfield code="c">[2015]</subfield>
      </datafield>
      <datafield ind1=" " ind2=" " tag="300">
         <subfield code="a">xxxii, 559 p. :</subfield>
         <subfield code="b">illustrations ;</subfield>
         <subfield code="c">28 cm.</subfield>
      </datafield>
      <datafield ind1=" " ind2=" " tag="336">
         <subfield code="a">text</subfield>
         <subfield code="2">rdacontent</subfield>
         <subfield code="0">http://id.loc.gov/vocabulary/contentTypes/txt</subfield>
      </datafield>
      <datafield ind1=" " ind2=" " tag="337">
         <subfield code="a">unmediated</subfield>
         <subfield code="2">rdamedia</subfield>
         <subfield code="0">http://id.loc.gov/vocabulary/mediaTypes/n</subfield>
      </datafield>
      <datafield ind1=" " ind2=" " tag="338">
         <subfield code="a">volume</subfield>
         <subfield code="2">rdacarrier</subfield>
         <subfield code="0">http://id.loc.gov/vocabulary/carriers/nc</subfield>
      </datafield>
      <datafield ind1=" " ind2=" " tag="504">
         <subfield code="a">Includes bibliographical references and index.</subfield>
      </datafield>
      <datafield ind1="0" ind2=" " tag="505">
         <subfield code="a">Nutrition requirements during pregnancy -- Evidence-based nutrition in the life cycle : prenatal to the adolescent -- Normal infant nutrition -- Normal nutrition for toddler through school-aged children and the role of parents in promoting healthy nutrition in early childhood -- Normal adolescent nutrition -- Special topics in prenatal and infant nutrition : genetics and inborn errors of metabolism and failure to thrive -- Special topics in toddler and preschool nutrition : vitamins and minerals in childhood and children with disabilities -- Special topics in school-aged nutrition : pediatric vegetarianism, childhood obesity, and food allergies -- Special topics in preadolescence and adolescent nutrition : dietary guidelines for athletes, pediatric diabetes, and disordered eating --</subfield>
      </datafield>
      <datafield ind1="0" ind2=" " tag="505">
         <subfield code="a">Adult evidence-based nutrition in the life cycle -- Special topics in adult nutrition : chronic disease nutritional assessment -- Special topics in adults and chronic diseases : nutrition and public health -- Special topics in adult nutrition : physical activity and weight management -- Special topics in nutrition and the older adult : diet, life-style, disease, and pharmacologic considerations -- Special topics in age-related risks : unique nutrition issues in the older adult -- Special topics related to the registered dietitian and older adults : roles and responsibilities of the registered dietitian in long-term care -- Special topics in nutrition and ethics : feeding and ethical issues at the end of life -- Online -- Interpreting evidence-based research : major pediatric and adult nutrition studies.</subfield>
      </datafield>
      <datafield ind1=" " ind2=" " tag="596">
         <subfield code="a">8 42</subfield>
      </datafield>
      <datafield ind1="1" ind2="2" tag="650">
         <subfield code="a">Nutritional Physiological Phenomena.</subfield>
         <subfield code="0">http://id.nlm.nih.gov/mesh/D009747</subfield>
      </datafield>
      <datafield ind1="2" ind2="2" tag="650">
         <subfield code="a">Evidence-Based Medicine.</subfield>
         <subfield code="0">http://id.nlm.nih.gov/mesh/D019317</subfield>
      </datafield>
      <datafield ind1="2" ind2="2" tag="650">
         <subfield code="a">Human Development</subfield>
         <subfield code="x">physiology.</subfield>
         <subfield code="0">http://id.nlm.nih.gov/mesh/D006803Q000502</subfield>
      </datafield>
      <datafield ind1="2" ind2="2" tag="650">
         <subfield code="a">Longitudinal Studies.</subfield>
         <subfield code="0">http://id.nlm.nih.gov/mesh/D008137</subfield>
      </datafield>
      <datafield ind1="1" ind2=" " tag="700">
         <subfield code="a">Edelstein, Sari,</subfield>
         <subfield code="e">editor of compilation.</subfield>
         <subfield code="0">http://id.loc.gov/authorities/names/n92022368</subfield>
         <subfield code="0">http://viaf.org/viaf/77969759</subfield>
      </datafield>
      <datafield ind1=" " ind2=" " tag="758">
         <subfield code="0">http://worldcat.org/entity/work/id/22662425</subfield>
      </datafield>
      <datafield ind1="0" ind2=" " tag="787">
         <subfield code="n">OCLC Work Id</subfield>
         <subfield code="o">http://worldcat.org/entity/work/id/22662425</subfield>
      </datafield>
      <datafield ind1=" " ind2=" " tag="926">
         <subfield code="a">QP 141 L54 2015</subfield>
         <subfield code="w">LC</subfield>
         <subfield code="c">1</subfield>
         <subfield code="i">34917001333538</subfield>
         <subfield code="d">3/8/2016</subfield>
         <subfield code="e">11/3/2015</subfield>
         <subfield code="k">DISPLAY</subfield>
         <subfield code="l">ON_SHELF</subfield>
         <subfield code="m">KEYANO</subfield>
         <subfield code="n">1</subfield>
         <subfield code="p">$126.95</subfield>
         <subfield code="q">1</subfield>
         <subfield code="r">Y</subfield>
         <subfield code="s">Y</subfield>
         <subfield code="t">BOOK</subfield>
         <subfield code="u">3/5/2014</subfield>
         <subfield code="o">.STAFF. Rec'd Mar/14 - MW</subfield>
      </datafield>
      <datafield ind1=" " ind2=" " tag="926">
         <subfield code="a">QP 141 L55 2015</subfield>
         <subfield code="w">LC</subfield>
         <subfield code="c">1</subfield>
         <subfield code="i">0162035194750</subfield>
         <subfield code="d">4/3/2017</subfield>
         <subfield code="e">4/3/2017</subfield>
         <subfield code="k">CHECKEDOUT</subfield>
         <subfield code="l">ON_SHELF</subfield>
         <subfield code="m">UAHLTHSC</subfield>
         <subfield code="n">3</subfield>
         <subfield code="p">$150.00</subfield>
         <subfield code="r">M</subfield>
         <subfield code="s">Y</subfield>
         <subfield code="t">BOOK</subfield>
         <subfield code="u">11/26/2014</subfield>
      </datafield>
   </record>
</collection>
